<?xml version="1.0" encoding="UTF-8"?><record xmlns="http://www.loc.gov/MARC21/slim" xmlns:cinclude="http://apache.org/cocoon/include/1.0" xmlns:zs="http://www.loc.gov/zing/srw/">
  <leader>00559nz  a2200157n  4500</leader>
  <controlfield tag="001">n  93021524 </controlfield>
  <controlfield tag="003">DLC</controlfield>
  <controlfield tag="005">19930308143024.9</controlfield>
  <controlfield tag="008">930308n| acannaab|          |a ana |||  </controlfield>
  <datafield tag="010" ind1=" " ind2=" ">
    <subfield code="a">n  93021524 </subfield>
  </datafield>
  <datafield tag="040" ind1=" " ind2=" ">
    <subfield code="a">DLC</subfield>
    <subfield code="c">DLC</subfield>
  </datafield>
  <datafield tag="110" ind1="2" ind2="0">
    <subfield code="a">St. Martinikirche (Emmerich, Germany)</subfield>
  </datafield>
  <datafield tag="410" ind1="2" ind2="0">
    <subfield code="a">St. Martinuskerk (Emmerich, Germany)</subfield>
  </datafield>
  <datafield tag="410" ind1="2" ind2="0">
    <subfield code="a">Sankt Martinikirche (Emmerich, Germany)</subfield>
  </datafield>
  <datafield tag="410" ind1="1" ind2="0">
    <subfield code="a">Emmerich (Germany).</subfield>
    <subfield code="b">St. Martinikirche</subfield>
  </datafield>
  <datafield tag="670" ind1=" " ind2=" ">
    <subfield code="a">Flintrop, H. Die St. Martinikirche zu Emmerich, c1992:</subfield>
    <subfield code="b">t.p. (St. Martinikirche zu Emmerich; St. Martinuskerk te Emmerik)</subfield>
  </datafield>
</record>